<?xml version="1.0" encoding="UTF-8"?>
<record xmlns="http://www.loc.gov/MARC21/slim" xmlns:xsi="http://www.w3.org/2001/XMLSchema-instance" xsi:schemaLocation="http://www.loc.gov/MARC21/slim http://www.loc.gov/standards/marcxml/schema/MARC21slim.xsd">
<leader>     nam a2200265 i 4500</leader>
<controlfield tag="001">002297940</controlfield>
<controlfield tag="003">NNU</controlfield>
<controlfield tag="005">20061010172701.0</controlfield>
<controlfield tag="008">960124s1931    ua       b    001 0 ara d</controlfield>
<datafield tag="035" ind1="9" ind2=" ">
<subfield code="a">NYUb11400830</subfield>
</datafield>
<datafield tag="035" ind1=" " ind2=" ">
<subfield code="a">(CStRLIN)NYUG96-B253</subfield>
</datafield>
<datafield tag="040" ind1=" " ind2=" ">
<subfield code="a">ZCU</subfield>
<subfield code="c">ZCU</subfield>
<subfield code="d">NNU</subfield>
</datafield>
<datafield tag="066" ind1=" " ind2=" ">
<subfield code="c">(3</subfield>
</datafield>
<datafield tag="090" ind1=" " ind2=" ">
<subfield code="a">BJ1291</subfield>
<subfield code="b">.J325 1931</subfield>
</datafield>
<datafield tag="100" ind1="1" ind2=" ">
<subfield code="a">Shams al-Khilāfah, Jaʻfar ibn Muḥammad,</subfield>
<subfield code="d">1148-1225</subfield>
<subfield code="6">880-01</subfield>
</datafield>
<datafield tag="245" ind1="1" ind2="0">
<subfield code="6">880-02</subfield>
<subfield code="a">Kitāb al-Ādāb /</subfield>
<subfield code="c">li-Jaʻfar ibn Shams al-Khilāfah Majd al-Mulk ; ʻuniya bi-taṣḥīḥihī wa-ḍabṭ alfāẓi-hī wa-tafsīrihā Muḥammad Amīn al-Khānjī.</subfield>
</datafield>
<datafield tag="250" ind1=" " ind2=" ">
<subfield code="6">880-03</subfield>
<subfield code="a">al-Ṭabʻah 2.</subfield>
</datafield>
<datafield tag="260" ind1=" " ind2=" ">
<subfield code="6">880-04</subfield>
<subfield code="a">Cairo :</subfield>
<subfield code="b">Maktabat al-Khānjī,</subfield>
<subfield code="c">1931.</subfield>
</datafield>
<datafield tag="300" ind1=" " ind2=" ">
<subfield code="a">16, 158 p. ;</subfield>
<subfield code="c">23 cm.</subfield>
</datafield>
<datafield tag="504" ind1=" " ind2=" ">
<subfield code="a">Includes bibliographical references and index.</subfield>
</datafield>
<datafield tag="650" ind1=" " ind2="0">
<subfield code="a">Islamic ethics.</subfield>
</datafield>
<datafield tag="880" ind1="0" ind2=" ">
<subfield code="6">100-01/</subfield>
<subfield code="a">جعفر بن شمس الخلافة مجد الملك.</subfield>
</datafield>
<datafield tag="880" ind1="0" ind2="0">
<subfield code="6">245-02/</subfield>
<subfield code="a">كتاب الآداب /</subfield>
<subfield code="c">لجعفر بن شمس الخلافة مجد الملك ؛ عنى بتصحيحه وضبط ألفاظه وتفسيرها محمد أمين الخانجي.</subfield>
</datafield>
<datafield tag="880" ind1=" " ind2=" ">
<subfield code="6">250-03/</subfield>
<subfield code="a">الطبعة ٢.</subfield>
</datafield>
<datafield tag="880" ind1=" " ind2=" ">
<subfield code="6">260-04/</subfield>
<subfield code="a">القاهرة :</subfield>
<subfield code="b">مكتبة الخانجي،</subfield>
<subfield code="c">١٩٣١.</subfield>
</datafield>
<datafield tag="OWN" ind1=" " ind2=" ">
<subfield code="a">GENERAL</subfield>
</datafield>
<datafield tag="998" ind1=" " ind2=" ">
<subfield code="a">19960124</subfield>
<subfield code="d">19960124</subfield>
<subfield code="d">19960124</subfield>
<subfield code="n">NNU</subfield>
<subfield code="s">1</subfield>
<subfield code="t">c</subfield>
<subfield code="z">p</subfield>
</datafield>
<datafield tag="AVA" ind1=" " ind2=" ">
<subfield code="a">NYU50</subfield>
<subfield code="b">BOBST</subfield>
<subfield code="c">Main Collection</subfield>
<subfield code="d">BJ1291 .J325 1931</subfield>
<subfield code="e">unavailable</subfield>
<subfield code="t">Unavailable</subfield>
<subfield code="f">1</subfield>
<subfield code="g">1</subfield>
<subfield code="h">N</subfield>
<subfield code="i">0</subfield>
<subfield code="j">MAIN</subfield>
<subfield code="k">0</subfield>
</datafield>
</record>
